<record><leader>00000cas a22000007a 4500</leader><controlfield tag="001">15144065</controlfield><controlfield tag="008">870203c19439999ncucr ne      0   a0eng d</controlfield><datafield ind1=" " ind2=" " tag="010"><subfield code="a">sn 87000117 </subfield></datafield><datafield ind1=" " ind2=" " tag="040"><subfield code="a">NSD</subfield><subfield code="b">eng</subfield><subfield code="c">NSD</subfield><subfield code="d">NVJ</subfield><subfield code="d">OCLCQ</subfield></datafield><datafield ind1=" " ind2=" " tag="012"><subfield code="k">1</subfield><subfield code="l">1</subfield><subfield code="m">1</subfield></datafield><datafield ind1="1" ind2=" " tag="022"><subfield code="a">0892-1814</subfield><subfield code="l">0892-1814</subfield><subfield code="2">1</subfield></datafield><datafield ind1=" " ind2=" " tag="032"><subfield code="a">325120</subfield><subfield code="b">USPS</subfield></datafield><datafield ind1=" " ind2=" " tag="037"><subfield code="b">Rockingham Newspapers, Inc., P.O. Box 508, Madison, N.C. 27025</subfield></datafield><datafield ind1=" " ind2=" " tag="042"><subfield code="a">nsdp</subfield><subfield code="a">msc</subfield></datafield><datafield ind1="0" ind2=" " tag="130"><subfield code="a">Messenger (Madison, N.C.)</subfield></datafield><datafield ind1=" " ind2="4" tag="222"><subfield code="a">The Messenger</subfield><subfield code="b">(Madison, N.C.)</subfield></datafield><datafield ind1="1" ind2="4" tag="245"><subfield code="a">The messenger.</subfield></datafield><datafield ind1="3" ind2=" " tag="246"><subfield code="a">Messenger weekender</subfield></datafield><datafield ind1=" " ind2=" " tag="260"><subfield code="a">Madison, N.C. :</subfield><subfield code="b">Madison Pub. Co.</subfield></datafield><datafield ind1=" " ind2=" " tag="300"><subfield code="a">v.</subfield></datafield><datafield ind1=" " ind2=" " tag="310"><subfield code="a">Semiweekly,</subfield><subfield code="b">Oct. 15, 1993-</subfield></datafield><datafield ind1=" " ind2=" " tag="321"><subfield code="a">Weekly,</subfield><subfield code="b">May 13, 1943-Oct. 13, 1993</subfield></datafield><datafield ind1="0" ind2=" " tag="362"><subfield code="a">Vol. 40, no. 1 (May 13, 1943)-</subfield></datafield><datafield ind1=" " ind2=" " tag="500"><subfield code="a">On Fridays published as: Messenger weekender (Oct. 15, 1993-May 20, 1994), and: The Messenger, weekend ed., (May 27, 1994-May 17, 1995).</subfield></datafield><datafield ind1=" " ind2=" " tag="752"><subfield code="a">United States</subfield><subfield code="b">North Carolina</subfield><subfield code="c">Rockingham</subfield><subfield code="d">Madison.</subfield></datafield><datafield ind1=" " ind2=" " tag="752"><subfield code="a">United States</subfield><subfield code="b">North Carolina</subfield><subfield code="c">Rockingham</subfield><subfield code="d">Mayodan.</subfield></datafield><datafield ind1="0" ind2="0" tag="780"><subfield code="t">Madison messenger (Madison, N.C.)</subfield><subfield code="w">(DLC)sn 95072287</subfield></datafield><datafield ind1="1" ind2=" " tag="029"><subfield code="a">AU@</subfield><subfield code="b">000025803230</subfield></datafield></record>